<?xml version="1.0" encoding="UTF-8"?><record xmlns="http://www.loc.gov/MARC21/slim" xmlns:cinclude="http://apache.org/cocoon/include/1.0" xmlns:zs="http://www.loc.gov/zing/srw/">
  <leader>00381nz  a2200121n  4500</leader>
  <controlfield tag="001">nr2002018759</controlfield>
  <controlfield tag="003">DLC</controlfield>
  <controlfield tag="005">20020522033120.0</controlfield>
  <controlfield tag="008">020514n| acannaabn          |n aaa     c</controlfield>
  <datafield tag="010" ind1=" " ind2=" ">
    <subfield code="a">nr2002018759</subfield>
  </datafield>
  <datafield tag="040" ind1=" " ind2=" ">
    <subfield code="a">NjR</subfield>
    <subfield code="b">eng</subfield>
    <subfield code="c">NjR</subfield>
  </datafield>
  <datafield tag="100" ind1="1" ind2=" ">
    <subfield code="a">Manallack, Stephen</subfield>
  </datafield>
  <datafield tag="670" ind1=" " ind2=" ">
    <subfield code="a">You can communicate, c2002:</subfield>
    <subfield code="b">t.p. (Stephen Manallack) p. 4 of cover (owns corp. and financial communications consultancy)</subfield>
  </datafield>
</record>